<record><leader>00000cas a22000007i 4500</leader><controlfield tag="001">862979190</controlfield><controlfield tag="006">m     o  d        </controlfield><controlfield tag="007">cr |n|000|||||</controlfield><controlfield tag="008">830930d18521910lauwr neo     0   a0eng  </controlfield><datafield ind1=" " ind2=" " tag="010"><subfield code="a">  2013272163</subfield></datafield><datafield ind1=" " ind2=" " tag="040"><subfield code="a">Nz</subfield><subfield code="b">eng</subfield><subfield code="e">rda</subfield><subfield code="c">Z5A</subfield><subfield code="d">DLC</subfield><subfield code="d">OCLCF</subfield></datafield><datafield ind1="0" ind2=" " tag="022"><subfield code="a">2332-5372</subfield><subfield code="2">1</subfield></datafield><datafield ind1="0" ind2=" " tag="029"><subfield code="a">NZ1</subfield><subfield code="b">15127552</subfield></datafield><datafield ind1="0" ind2=" " tag="041"><subfield code="a">eng</subfield><subfield code="a">fre</subfield></datafield><datafield ind1=" " ind2=" " tag="042"><subfield code="a">msc</subfield><subfield code="a">nsdp</subfield></datafield><datafield ind1=" " ind2=" " tag="043"><subfield code="a">n-us-la</subfield></datafield><datafield ind1="1" ind2="0" tag="050"><subfield code="a">ISSN RECORD</subfield></datafield><datafield ind1="0" ind2="0" tag="082"><subfield code="a">071</subfield><subfield code="2">23</subfield></datafield><datafield ind1="0" ind2=" " tag="130"><subfield code="a">Opelousas courier (Opelousas, La. : 1852 : Online)</subfield></datafield><datafield ind1=" " ind2="4" tag="222"><subfield code="a">The Opelousas courier (Opelousas, La. 1852. Online)</subfield></datafield><datafield ind1="0" ind2="4" tag="245"><subfield code="a">The Opelousas courier.</subfield></datafield><datafield ind1="1" ind2="0" tag="246"><subfield code="a">Courrier des Opelousas</subfield></datafield><datafield ind1=" " ind2="1" tag="264"><subfield code="a">Opelousas, Louisiana :</subfield><subfield code="b">Joel H. Sandoz &amp; Andrew Meynier,</subfield><subfield code="c">1852-</subfield></datafield><datafield ind1=" " ind2=" " tag="300"><subfield code="a">1 online resource</subfield></datafield><datafield ind1=" " ind2=" " tag="310"><subfield code="a">Weekly,</subfield><subfield code="b">&lt;July 25, 1863&gt;-&lt;Feb. 5, 1910&gt;</subfield></datafield><datafield ind1=" " ind2=" " tag="321"><subfield code="a">Weekly,</subfield><subfield code="b">1852-&lt;Feb. 21, 1863&gt;</subfield></datafield><datafield ind1=" " ind2=" " tag="321"><subfield code="a">Four times a week,</subfield><subfield code="b">&lt;Apr. 1863&gt;</subfield></datafield><datafield ind1=" " ind2=" " tag="336"><subfield code="a">text</subfield><subfield code="b">txt</subfield><subfield code="2">rdacontent</subfield></datafield><datafield ind1=" " ind2=" " tag="337"><subfield code="a">computer</subfield><subfield code="b">c</subfield><subfield code="2">rdamedia</subfield></datafield><datafield ind1=" " ind2=" " tag="338"><subfield code="a">online resource</subfield><subfield code="b">cr</subfield><subfield code="2">rdacarrier</subfield></datafield><datafield ind1="1" ind2=" " tag="362"><subfield code="a">Began with Vol. 1, no. 1 (December 11, 1852). Ceased in 1910?</subfield></datafield><datafield ind1=" " ind2=" " tag="500"><subfield code="a">Published with an additional masthead in French: Le Courrier des Opelousas, 1852-June 23, 1883.</subfield></datafield><datafield ind1=" " ind2=" " tag="500"><subfield code="a">Publishers: Joel Sandoz &amp; Andrew Meynier, 1852-1857; Joel Sandoz, 1858-1861; Joel H. Sandoz &amp; William H. Spencer, 1862-1863; William Curran, 1863; Leonce &amp; L.A. Sandoz, 1863-1867; Joel H. Sandoz, 1867-1870; Leonce Sandoz, 1871-1877; Leonce &amp; L.A. Sandoz, 1878-1890; Leonce Sandoz, 1891-1894; Leonce &amp; L.A. Sandoz, 1895; L.A. Sandoz, 1896; Leonce Sandoz, 1897-1907; Courier Pub. Co., 1908-1910.</subfield></datafield><datafield ind1=" " ind2=" " tag="500"><subfield code="a">Some issues printed on wallpaper, 1862-1864.</subfield></datafield><datafield ind1=" " ind2=" " tag="500"><subfield code="a">&lt;Apr. 22-30&gt;, 1863 issues edited by occupying Union forces.</subfield></datafield><datafield ind1=" " ind2=" " tag="500"><subfield code="a">Editors: T.G. Compton, &lt;1867&gt;; D.J. Jones, &lt;1873&gt;; L.A. Sandoz, &lt;1896&gt;.</subfield></datafield><datafield ind1=" " ind2=" " tag="500"><subfield code="a">Publisher: Estate of Leonce Sandoz &lt;February 1910&gt;.</subfield></datafield><datafield ind1=" " ind2=" " tag="515"><subfield code="a">Suspended in May 1863? Resumed with July 25, 1863 issue. Suspended with Mar. 12, 1864 issue? Resumed with May 14, 1864 issue. Suspended with Apr. 23, 1870 issue; resumed with Aug. 6, 1870.</subfield></datafield><datafield ind1=" " ind2=" " tag="546"><subfield code="a">In English and French, 1852-&lt;Aug. 29, 1903&gt;.</subfield></datafield><datafield ind1=" " ind2=" " tag="588"><subfield code="a">Description based on: Vol. 1, no. 1 (December 11, 1852); title from masthead (Chroniclingamerica.loc.gov, viewed December 4, 2013).</subfield></datafield><datafield ind1=" " ind2=" " tag="588"><subfield code="a">Latest issue consulted: Vol. 57, no. 29 (February 5, 1910) (Chroniclingamerica.loc.gov, viewed December 4, 2013).</subfield></datafield><datafield ind1=" " ind2="0" tag="651"><subfield code="a">Opelousas (La.)</subfield><subfield code="v">Newspapers.</subfield></datafield><datafield ind1=" " ind2="7" tag="655"><subfield code="a">Newspapers.</subfield><subfield code="2">fast</subfield><subfield code="0">(OCoLC)fst01423814</subfield></datafield><datafield ind1=" " ind2="7" tag="651"><subfield code="a">Louisiana</subfield><subfield code="z">Opelousas.</subfield><subfield code="2">fast</subfield><subfield code="0">(OCoLC)fst01208500</subfield></datafield><datafield ind1="1" ind2=" " tag="700"><subfield code="a">Sandoz, Joel H.</subfield></datafield><datafield ind1="1" ind2=" " tag="700"><subfield code="a">Meynier, Andrew.</subfield></datafield><datafield ind1="1" ind2=" " tag="700"><subfield code="a">Spencer, William H.</subfield></datafield><datafield ind1="1" ind2=" " tag="700"><subfield code="a">Sandoz, Leonce.</subfield></datafield><datafield ind1="1" ind2=" " tag="700"><subfield code="a">Sandoz, L. A.</subfield></datafield><datafield ind1="1" ind2=" " tag="700"><subfield code="a">Compton, T. G.</subfield></datafield><datafield ind1="1" ind2=" " tag="700"><subfield code="a">Jones, D. J.</subfield></datafield><datafield ind1="0" ind2=" " tag="730"><subfield code="a">Opelousas courier (Opelousas, La. : 1852 : Online)</subfield></datafield><datafield ind1=" " ind2=" " tag="752"><subfield code="a">United States</subfield><subfield code="b">Louisiana</subfield><subfield code="c">Saint Landry</subfield><subfield code="d">Opelousas.</subfield></datafield><datafield ind1="0" ind2="8" tag="776"><subfield code="i">Originally issued in print:</subfield><subfield code="t">Opelousas courier (Opelousas, La. : 1852)</subfield><subfield code="x">2332-5364</subfield><subfield code="w">(DLC)sn 83026389</subfield><subfield code="w">(OCoLC)9964845</subfield></datafield><datafield ind1="4" ind2="0" tag="856"><subfield code="u">http://www.loc.gov/chroniclingamerica/lccn/sn83026389/issues</subfield></datafield></record>